\begin{thebibliography}{}


@book{raskar,
author = "Ramesh Raskar",
title = "Computational Photography",
subtitle = "Epsilon to Coded Photography",
school = "Massachusetts Institute of Technology",
publisher = "Cambridge, MA 02139, USA",
url = "http://web.media.mit.edu/raskar/",
language = "en",
urldate = "2018-09-22",
pages = 16,
year = 2007
}




\end{thebibliography}		



