
% @misc{OpenCVSite,
% author = "OpenCV Community",
% title = "OpenCV",
% url = "http://ieeexplore.ieee.org/document/940586/",
% language = "en",
% urldate = "2018-09-03",
% year = 2018
% }

% @misc{cvtColor,
% author = "OpenCV Community",
% title = "OpenCV - Miscellaneous Image Transformations",
% url = {https://docs.opencv.org/2.4/modules/imgproc/doc/miscellaneous\_transformations.html},
% language = "en",
% urldate = "2018-09-05",
% year = 2018
% }

% @misc{GitHub,
% author = "Carlos Adir Ely Murussi Leite",
% title = "GitHub - PVC",
% url = "https://github.com/CarlosAdir/PVC",
% language = "pt",
% urldate = "2018-09-05",
% year = 2018
% }

% @misc{GitWiki,
% author = "Carlos Adir Ely Murussi Leite",
% title = "GitHub - PVC Wiki",
% url = "https://github.com/CarlosAdir/PVC/wiki",
% language = "pt",
% urldate = "2018-09-05",
% year = 2018
% }

% @misc{OpenCV-SFR,
% author = "Shermal Fernando",
% title = "OpenCV Tutorial C++",
% url = "www.opencv-srf.com/",
% language = "pt",
% urldate = "2018-09-05",
% year = 2018
% }